@article{pashine2021handwritten,
  title={Handwritten digit recognition using machine and deep learning algorithms},
  author={Pashine, Samay and Dixit, Ritik and Kushwah, Rishika},
  journal={arXiv preprint arXiv:2106.12614},
  year={2021}
}

@inproceedings{liu2020comparisions,
  title={Comparisions on KNN, SVM, BP and the CNN for Handwritten Digit Recognition},
  author={Liu, Wenfei and Wei, Jingcheng and Meng, Qingmin},
  booktitle={2020 IEEE International Conference on Advances in Electrical Engineering and Computer Applications (AEECA)},
  pages={587--590},
  year={2020},
  organization={IEEE}
}

@article{o2015introduction,
  title={An introduction to convolutional neural networks},
  author={O'Shea, Keiron and Nash, Ryan},
  journal={arXiv preprint arXiv:1511.08458},
  year={2015}
}

@inproceedings{albawi2017understanding,
  title={Understanding of a convolutional neural network},
  author={Albawi, Saad and Mohammed, Tareq Abed and Al-Zawi, Saad},
  booktitle={2017 international conference on engineering and technology (ICET)},
  pages={1--6},
  year={2017},
  organization={Ieee}
}

@article{wu2017introduction,
  title={Introduction to convolutional neural networks},
  author={Wu, Jianxin},
  journal={National Key Lab for Novel Software Technology. Nanjing University. China},
  volume={5},
  number={23},
  pages={495},
  year={2017}
}

@article{ahlawat2020improved,
  title={Improved handwritten digit recognition using convolutional neural networks (CNN)},
  author={Ahlawat, Savita and Choudhary, Amit and Nayyar, Anand and Singh, Saurabh and Yoon, Byungun},
  journal={Sensors},
  volume={20},
  number={12},
  pages={3344},
  year={2020},
  publisher={MDPI}
}