@article{ahlawat2020improved,
  title={Improved handwritten digit recognition using convolutional neural networks (CNN)},
  author={Ahlawat, Savita and Choudhary, Amit and Nayyar, Anand and Singh, Saurabh and Yoon, Byungun},
  journal={Sensors},
  volume={20},
  number={12},
  pages={3344},
  year={2020},
  publisher={MDPI},
  url={https://www.mdpi.com/1424-8220/20/12/3344}
}

@article{pashine2021handwritten,
  title={Handwritten digit recognition using machine and deep learning algorithms},
  author={Pashine, Samay and Dixit, Ritik and Kushwah, Rishika},
  journal={arXiv preprint arXiv:2106.12614},
  year={2021},
  url={https://arxiv.org/abs/2106.12614}
}

@inproceedings{liu2020comparisions,
  title={Comparisions on KNN, SVM, BP and the CNN for Handwritten Digit Recognition},
  author={Liu, Wenfei and Wei, Jingcheng and Meng, Qingmin},
  booktitle={2020 IEEE International Conference on Advances in Electrical Engineering and Computer Applications (AEECA)},
  pages={587--590},
  year={2020},
  organization={IEEE},
  url={https://ieeexplore.ieee.org/document/9213482}
}

@article{wu2017introduction,
  title={Introduction to convolutional neural networks},
  author={Wu, Jianxin},
  journal={National Key Lab for Novel Software Technology. Nanjing University. China},
  volume={5},
  number={23},
  pages={495},
  year={2017},
  url={https://cs.nju.edu.cn/wujx/paper/CNN.pdf}
}

@ARTICLE{726791,
  author={Lecun, Y. and Bottou, L. and Bengio, Y. and Haffner, P.},
  journal={Proceedings of the IEEE}, 
  title={Gradient-based learning applied to document recognition}, 
  year={1998},
  volume={86},
  number={11},
  pages={2278-2324},
  doi={10.1109/5.726791},
  url={https://ieeexplore.ieee.org/document/726791}
}

